@misc{instructions,
    author = {Will Oursler},
    title = {3D Scanner},
    year = {October 22, 2010},
    howpublished = {\url{https://sites.google.com/site/oursler3dscanner/}},
    note = {Accessed: 2016-06-02},
}
@misc{dentroman,
    author = {Will Oursler},
    title = {Make your own 3d scanner!},
    year = {2010},
    howpublished = {\url{http://www.instructables.com/id/Make-your-own-3d-scanner/}},
    note = {Accessed: 2016-06-02},
    organization = {Instructables}
}

@misc{sardau,
    author = {Sardau},
    title = {Build a 30\$ laser Scanner},
    howpublished = {\url{http://www.instructables.com/id/Build-a-30-laser/}},
    note = {Accessed 2016-06-02}
}

